@book{thomson2013modern,
    author    = {Mark Thomson},
    title     = {Modern Particle Physics},
    year      = {2013},
    publisher = {Cambridge University Press},
    isbn      = {978-1-107-03426-6}
}
@misc{pdg2025,
  author       = {{Particle Data Group}},
  title        = {Review of Particle Physics},
  howpublished = {\url{https://pdg.lbl.gov}},
  year         = {2025},
  note         = {Accessed: 2025-10-09}
}
@misc{texample_model_physics,
  author       = {{TeXample.net}},
  title        = {Model of Particle Physics},
  howpublished = {\url{https://texample.net/model-physics/}},
  year         = {2025},
  note         = {Accessed: 2025-10-09}
}

@book{berger2025particle,
  author = {Christoph Berger, Gregor Herten},
  title = {Particle Physics; From the Basics to Modern Experiments},
  year = {2025}, 
  publisher = {Springer},
  isbn = {978-3-662-71705-9},
}
